@book{Simulacao-IPR-1,
author={André Duarte Bueno},
title={Apostila de Programação Orientada a Objeto},
organization={UFSC-EMC-Laboratório de Meios Porosos e Propriedades  Termofísicas},
address={Florianópolis},
year={1997}
}

@book{Simulacao-IPR-2,
author={André Duarte Bueno},
title={Programação Orientada a Objeto com C++ - Aprenda a Programar em Ambiente Multiplataforma com Software Livre},
publisher={Novatec},
year={2003},
address={São Paulo}
}

@book{Simulacao-IPR-3,
author={Boyun Guo and William C. Lyons and Ali Ghalambor},
title={Petroleum Production Engineering},
publisher={ELSEVIER},
year={2007},
address={Oxford}
}

@book{Simulacao-IPR-4,
author={James P. Brill},
title={Multiphase Flow in Wells},
publisher={SPE},
year={1999},
address={Pennsylvania}
}

@book{Simulacao-IPR-5,
author={Tarek Ahmed},
title={Reservoir Engineering Book},
publisher={ELSEVIER},
year={2006},
address={Oxford}
}

@book{Simulacao-IPR-6,
author={Adalberto José Rosa and Renato de Souza Carvalho},
title={Engenharia de Reservatório de Petróleo},
publisher={Interciência},
year={2006},
}

@book{Simulacao-IPR-7,
author={Moshood Sanni},
title={Petroleum Engineering},
publisher={Wiley},
year={2018},
}

@book{Simulacao-IPR-8,
author={Boyun Guo and Ali Ghalambor},
title={Well Productivity Handbook},
publisher={GPC},
year={2008},
}